<collection xmlns="http://www.loc.gov/MARC21/slim">
<record>
  <leader>01145nam0a22002531i 450 </leader>
  <controlfield tag="001">IT\ICCU\CNCE\053973</controlfield>
  <controlfield tag="005">20041117000000.0</controlfield>
  <datafield tag="012" ind1=" " ind2=" ">
    <subfield code="a">dino s.ur s:s: clfe (C) 1502 (R)</subfield>
    <subfield code="2">fei</subfield>
  </datafield>
  <datafield tag="100" ind1=" " ind2=" ">
    <subfield code="a">20030115d1502        0itac0103    ba</subfield>
  </datafield>
  <datafield tag="101" ind1=" " ind2=" ">
    <subfield code="a">LAT</subfield>
  </datafield>
  <datafield tag="102" ind1=" " ind2=" ">
    <subfield code="a">IT</subfield>
  </datafield>
  <datafield tag="200" ind1="1" ind2=" ">
    <subfield code="a">Reueredissimo in Christo patri d.d. Io. Ludo. Ruuere episcopo Thuar. domino obseruan. Amedeus de Berrutis iter iuris vtriusque doctores minimus ...</subfield>
  </datafield>
  <datafield tag="210" ind1=" " ind2=" ">
    <subfield code="e">\Torino!</subfield>
    <subfield code="g">impressum per venerabilem presbiterum Iohanetum Martinaglam</subfield>
    <subfield code="h">1502 die vltima Septembris</subfield>
  </datafield>
  <datafield tag="215" ind1=" " ind2=" ">
    <subfield code="a">\42! c.</subfield>
    <subfield code="d">4ʻ</subfield>
  </datafield>
  <datafield tag="620" ind1=" " ind2=" ">
    <subfield code="a">IT</subfield>
    <subfield code="d">Torino</subfield>
  </datafield>
  <datafield tag="710" ind1="0" ind2="2">
    <subfield code="a">Torino</subfield>
    <subfield code="c"> &lt;Diocesi&gt;</subfield>
    <subfield code="3">9678</subfield>
  </datafield>
  <datafield tag="702" ind1=" " ind2="1">
    <subfield code="a">Berruti,</subfield>
    <subfield code="b">Amedeo</subfield>
    <subfield code="3">IT\ICCU\CNCA\001667</subfield>
  </datafield>
  <datafield tag="712" ind1="0" ind2="0">
    <subfield code="a">Martinaglia, Giovannetto</subfield>
    <subfield code="3">IT\ICCU\CNCT\003968</subfield>
    <subfield code="4">650</subfield>
  </datafield>
  <datafield tag="791" ind1="0" ind2="2">
    <subfield code="a">Taurinus</subfield>
    <subfield code="c"> &lt;Diocesi&gt;</subfield>
    <subfield code="3">25534</subfield>
    <subfield code="z">Torino &lt;Diocesi&gt;</subfield>
  </datafield>
  <datafield tag="791" ind1="0" ind2="0">
    <subfield code="a">Martinagla, Iohanetus</subfield>
    <subfield code="3">IT\ICCU\CNCT\005042</subfield>
    <subfield code="z">Martinaglia, Giovannetto</subfield>
  </datafield>
  <datafield tag="801" ind1=" " ind2="3">
    <subfield code="a">IT</subfield>
    <subfield code="b">ICCU</subfield>
    <subfield code="c">20201115</subfield>
  </datafield>
  <datafield tag="899" ind1=" " ind2=" ">
    <subfield code="a">Biblioteca San Tommaso d&apos;Aquino del Seminario vescovile. Alba</subfield>
    <subfield code="1">CN0001</subfield>
    <subfield code="2">TO0 40</subfield>
  </datafield>
  <datafield tag="899" ind1=" " ind2=" ">
    <subfield code="a">Biblioteca Reale. Torino</subfield>
    <subfield code="1">TO0263</subfield>
    <subfield code="2">TO0 07</subfield>
  </datafield>
  <datafield tag="899" ind1=" " ind2=" ">
    <subfield code="a">Biblioteca dell&apos;Archivio di Stato di Torino. Torino</subfield>
    <subfield code="1">TO0321</subfield>
    <subfield code="2">TO0 71</subfield>
  </datafield>
</record>
</collection>
